@techreport{bordo2008historical,
  title={An historical perspective on the crisis of 2007-2008},
  author={Bordo, Michael D},
  year={2008},
  institution={National Bureau of Economic Research}
}

@article{murphy2008analysis,
  title={An analysis of the financial crisis of 2008: causes and solutions},
  author={Murphy, Austin},
  journal={An Analysis of the Financial Crisis of},
  year={2008}
}

@article{nakamoto2008bitcoin,
  author = {Nakamoto, Satoshi},
  title  = {Bitcoin: A Peer-to-Peer Electronic Cash System},
  year   = {2008},
  note   = {\url{https://bitcoin.org/bitcoin.pdf}}
}

@article{zhang2020financial,
  title={Financial Fraud Detection in Cryptocurrency Exchanges: A Comprehensive Survey},
  author={Zhang, Xiaojun and Wen, Ying and Zhou, Jie and Zhang, Wei and Liao, Xiaofeng},
  journal={IEEE Access},
  volume={8},
  pages={193150--193172},
  year={2020}
}

@article{zainal2018review,
  title={A Review on Machine Learning Techniques for the Detection of Financial Statement Fraud},
  author={Zainal, Anazida and Kamruzzaman, Joarder and Sarker, Ruhul A},
  journal={International Journal of Financial Studies},
  volume={6},
  number={3},
  pages={70},
  year={2018}
}

@article{pontes2019,
  author={Camila F. T. Pontes and Jo{\~{a}}o J. C. Gondim and Matt Bishop and Marcelo Antonio Marotta},
  title={A new method for flow-based network intrusion detection using inverse statistical physics},
  journal={CoRR},
  volume={abs/1910.07266},
  year={2019},
  url={http://arxiv.org/abs/1910.07266},
  eprinttype= {arXiv},
  eprint={1910.07266},
  timestamp={Tue, 15 Jun 2021 16:47:44 +0200},
  biburl={https://dblp.org/rec/journals/corr/abs-1910-07266.bib},
  bibsource={dblp computer science bibliography, https://dblp.org}
}

@misc{souza2022novelopensetenergybased,
      title={A Novel Open Set Energy-based Flow Classifier for Network Intrusion Detection}, 
      author={Manuela M. C. Souza and Camila Pontes and Joao Gondim and Luis P. F. Garcia and Luiz DaSilva and Marcelo A. Marotta},
      year={2022},
      eprint={2109.11224},
      archivePrefix={arXiv},
      primaryClass={cs.CR},
      url={https://arxiv.org/abs/2109.11224}, 
}

@misc{lorenz2021machinelearningmethodsdetect,
      title={Machine learning methods to detect money laundering in the Bitcoin blockchain in the presence of label scarcity}, 
      author={Joana Lorenz and Maria Inês Silva and David Aparício and João Tiago Ascensão and Pedro Bizarro},
      year={2021},
      eprint={2005.14635},
      archivePrefix={arXiv},
      primaryClass={cs.LG},
      url={https://arxiv.org/abs/2005.14635}, 
}

@misc{weber2019antimoneylaunderingbitcoinexperimenting,
      title={Anti-Money Laundering in Bitcoin: Experimenting with Graph Convolutional Networks for Financial Forensics}, 
      author={Mark Weber and Giacomo Domeniconi and Jie Chen and Daniel Karl I. Weidele and Claudio Bellei and Tom Robinson and Charles E. Leiserson},
      year={2019},
      eprint={1908.02591},
      archivePrefix={arXiv},
      primaryClass={cs.SI},
      url={https://arxiv.org/abs/1908.02591}, 
}

@misc{efc_package_github,
  title        = {{EFC-package: Energy-based Flow Classifier}},
  year         = {2021},
  howpublished = {\url{https://github.com/EnergyBasedFlowClassifier/EFC-package}},
  note         = {Version 0.1.0, Accessed: [18/04/2024]},
  publisher    = {GitHub}
}

@article{domanski2011currency,
  author  = {Domanski, Dietrich and Sushko, Vladyslav},
  title   = {Currency Manipulation: The IMF and WTO},
  journal = {BIS Quarterly Review},
  volume  = {September},
  year    = {2011},
  pages   = {79--91}
}

@article{karim2018manipulation,
  author  = {Karim, Mohamed A and Mikhael, Samah},
  title   = {Manipulation detection in cryptocurrency markets},
  journal = {IEEE Access},
  volume  = {6},
  pages   = {11044--11054},
  year    = {2018},
  doi     = {10.1109/access.2018.2805101}
}

@inproceedings{gandal2018price,
  author    = {Gandal, Neil and Hamrick, JT and Moore, Tyler and Oberman, Tali},
  title     = {Price manipulation in the Bitcoin ecosystem},
  booktitle = {Proceedings of the 2018 Conference on Economic and Financial Computing},
  pages     = {1--7},
  year      = {2018},
  doi       = {10.1145/3232240.3232250}
}

@article{edelman2018detecting,
  author  = {Edelman, Benjamin and Moore, Tyler and Oberman, Tali},
  title   = {Detecting pump and dump in cryptocurrency markets},
  journal = {Journal of Economic Perspectives},
  volume  = {32},
  number  = {2},
  pages   = {81--102},
  year    = {2018},
  doi     = {10.1257/jep.32.2.81}
}

@article{fang2022cryptocurrency,
  title     = {Cryptocurrency trading: a comprehensive survey},
  author    = {Fang, Fan and Ventre, Carmine and Basios, Michail and Kanthan, Leslie and Martinez-Rego, David and Wu, Fan and Li, Lingbo},
  journal   = {Financial Innovation},
  volume    = {8},
  number    = {1},
  pages     = {1--59},
  year      = {2022},
  publisher = {SpringerOpen}
}

@misc{chainalysis2024cryptocrime,
  title = {The 2024 Crypto Crime Report},
  author = {Chainalysis},
  year = {2024},
  month = {February},
  note = {The latest trends in ransomware, scams, hacking, and more},
  url = {https://go.chainalysis.com/rs/504-JAF-931/images/Crypto-Crime-Report-2024.pdf}
}

@book{scharfman2024,
    title={The Cryptocurrency and Digital Asset Fraud Casebook, Volume II: DeFi, NFTs, DAOs, Meme Coins, and Other Digital Asset Hacks},
    author={Scharfman, Jason},
    publisher={Palgrave Macmillan},
    year={2024},
    url={https://doi.org/10.1007/978-3-031-60836-0}
}

@article{Khiari2025,
    title={Cryptocurrency fraud and its effects on price volatility in the cryptocurrency market},
    author={Khiari, Wided and Lajmi, Azhaar and Neffati, Amira and El Fahem, Ahmed},
    journal={Journal of Chinese Economic and Foreign Trade Studies},
    year={2025},
    publisher={Emerald Publishing Limited},
    doi={10.1108/JCEFTS-05-2024-0034},
    url={https://www.emerald.com/insight/1754-4408.htm}
}
